%% This BibTeX bibliography file was created using BibDesk.
%% http://bibdesk.sourceforge.net/


%% Created for Ma√Øeul at 2013-09-26 22:43:44 +0200 


%% Saved with string encoding Unicode (UTF-8) 



@url{Pakin2004,
	Author = {Scotta Pakin},
	Date-Added = {2013-09-26 20:34:26 +0000},
	Date-Modified = {2013-09-26 20:43:44 +0000},
	Title = {Comment empaqueter votre paquetage \LaTeX},
	Translator = {{Le TeXnicien de surface}},
	Url = {http://yvon-henel.fr/texnicien/docs/dtxtut-fr/dtxtut-fr.pdf},
	Year = {2004}}

@book{frama,
	Author = {Vincent Lozano},
	Date-Added = {2013-09-26 20:33:13 +0000},
	Date-Modified = {2013-09-26 20:33:13 +0000},
	Keywords = {generaliste},
	Publisher = {In Libro Veritas},
	Title = {Tout ce que vous avez toujours voulu savoir sur LaTeX sans jamais oser le demander},
	Url = {http://www.framabook.org/latex.html},
	Year = {2008},
	Bdsk-Url-1 = {http://www.framabook.org/latex.html}}

@book{latex_companion,
	Address = {Paris},
	Author = {Franck Mittelbach and Michel Goossens},
	Date-Added = {2013-09-26 20:32:46 +0000},
	Date-Modified = {2013-09-26 20:32:46 +0000},
	Edition = {2},
	Keywords = {generaliste},
	Publisher = {Pearson},
	Title = {LaTeX Companion},
	Url = {http://www.pearson.fr/livre/?GCOI=27440100048330},
	Year = {2006},
	Bdsk-Url-1 = {http://www.pearson.fr/livre/?GCOI=27440100048330}}
